<?xml version="1.0" encoding="UTF-8"?><record xmlns="http://www.loc.gov/MARC21/slim" xmlns:cinclude="http://apache.org/cocoon/include/1.0" xmlns:zs="http://www.loc.gov/zing/srw/">
  <leader>00493nz  a2200145n  4500</leader>
  <controlfield tag="001">no2004110780</controlfield>
  <controlfield tag="003">DLC</controlfield>
  <controlfield tag="005">20041116051757.0</controlfield>
  <controlfield tag="008">041115n| acannaabn          |n aaa     c</controlfield>
  <datafield tag="010" ind1=" " ind2=" ">
    <subfield code="a">no2004110780</subfield>
  </datafield>
  <datafield tag="035" ind1=" " ind2=" ">
    <subfield code="a">(OCoLC)oca06494083</subfield>
  </datafield>
  <datafield tag="040" ind1=" " ind2=" ">
    <subfield code="a">NBuU</subfield>
    <subfield code="b">eng</subfield>
    <subfield code="c">NBuU</subfield>
  </datafield>
  <datafield tag="053" ind1=" " ind2="4">
    <subfield code="a">PR9619.4.L36</subfield>
    <subfield code="5">TEF</subfield>
  </datafield>
  <datafield tag="100" ind1="1" ind2=" ">
    <subfield code="a">Lambert, Helen</subfield>
  </datafield>
  <datafield tag="670" ind1=" " ind2=" ">
    <subfield code="a">Venus steps out, c2003:</subfield>
    <subfield code="b">t.p. (Helen Lambert) p. 4 of cover (b. and lives in Sydney; educated at 3 universities in Australia and Germany; finishing a Ph.D. in Poetry)</subfield>
  </datafield>
</record>